@Article{Nobody2023,
  author       = {Nobody, Nemo},
  title        = {{This is just an example paper which doesn't really exist}},
  issn         = {0000-0000},
  number       = {12},
  pages        = {14-16},
  volume       = {9},
  date         = {2023-12},
  doi          = {10.1371/RANDOMdoi.0115069},
  editor       = {Somebody, Aliquis},
  journaltitle = {Arbitrary Journal},
  url          = {https://randomurl.com},
}
